5308 6650
289 2102 425 2187 quanto
449 2085 588 2188 longius
620 2089 703 2160 estis
736 2087 782 2160 ob
808 2087 964 2161 locorum
998 2087 1102 2160 situm
1135 2086 1178 2160 ab
1205 2085 1356 2188 reliquae
1383 2085 1590 2161 Germaniae
1622 2087 1787 2162 litterario
1815 2115 1908 2162 com·

290 2243 418 2314 mercio
444 2241 592 2337 remoti,
633 2257 729 2314 tanto
757 2241 791 2314 id
818 2244 931 2344 ipsum
957 2239 1145 2314 studiosius
1172 2241 1417 2343 amplectimini
1444 2257 1481 2316 ct
1506 2241 1690 2314 defenditis
1715 2243 1908 2344 meliusque

289 2397 408 2495 quanti
440 2393 523 2468 illud
557 2393 752 2468 laciendum
787 2396 833 2467 sit
866 2395 999 2468 sentitis
1031 2419 1135 2496 qnam
1176 2396 1199 2467 ii
1230 2396 1289 2495 qni
1323 2397 1359 2468 in
1393 2394 1506 2468 media
1539 2394 1728 2470 Germania
1761 2395 1905 2496 degunt.

289 2547 528 2644 Quamobrem
554 2548 595 2620 lit
611 2549 714 2624 etiam
734 2549 929 2622 necessario
954 2564 993 2621 ut
1009 2549 1124 2621 acrius
1142 2548 1301 2644 doleatis,
1329 2549 1439 2622 sicubi
1458 2549 1727 2623 animadvertitis
1745 2551 1905 2643 existere,

289 2703 347 2802 qui
376 2701 567 2774 Palladium
594 2702 677 2775 illud
705 2701 932 2797 (lemniae,
967 2701 1114 2775 liberum
1148 2729 1251 2774 sanae
1278 2701 1479 2776 eruditionis
1506 2703 1636 2776 cultum
1664 2705 1809 2776 inuectis
1837 2731 1908 2776 rna·

290 2857 390 2931 nibus
416 2871 599 2932 attrectare
625 2855 788 2950 audeant,
818 2859 891 2931 sive
916 2857 965 2930 illi
992 2871 1214 2960 praepostera
1241 2855 1387 2957 quadam
1415 2857 1576 2958 opinione
1603 2856 1736 2958 decepti
1755 2873 1909 2930 statuunt

287 3027 465 3084 aeternum
499 3010 583 3084 illud
615 3007 786 3084 hnmanae
819 3009 1065 3110 intelligentiae
1091 3010 1196 3083 veluti
1224 3009 1353 3084 llamen
1387 3009 1501 3083 sabim
1527 3009 1656 3084 tardari
1683 3036 1784 3114 posse
1812 3027 1846 3084 et
1872 3015 1906 3083 in

288 3167 445 3265 ipsorum
465 3162 577 3237 lsllaci
596 3163 763 3266 sapientia
781 3165 1040 3264 conquiescere,
1069 3165 1142 3237 sive
1160 3165 1294 3266 privata
1311 3163 1496 3265 cupiditate
1515 3163 1608 3237 ducti
1628 3191 1688 3236 eas
1706 3167 1799 3266 ipsas
1816 3182 1908 3237 artes

288 3317 408 3396 dolose
435 3319 644 3420 impugnant
668 3317 883 3419 vinculisque
909 3319 1045 3419 injectis
1072 3321 1174 3391 etiam
1200 3333 1358 3391 evertere
1377 3333 1557 3413 conantur,
1586 3343 1732 3419 quarum
1752 3319 1907 3391 locatum

289 3471 460 3573 quendam
486 3498 640 3548 amorem
666 3499 748 3574 prae
775 3473 973 3547 scierunt.
1028 3472 1127 3546 Haec
1159 3489 1262 3574 atque
1289 3471 1368 3545 talia
1394 3471 1506 3545 studio
1532 3477 1693 3573 quoniam
1719 3473 1808 3546 inter
1834 3475 1908 3575 ipsa

288 3627 419 3727 patriae
445 3625 579 3698 viscera
603 3641 801 3719 versantur,
828 3625 906 3728 plus
932 3653 1036 3728 quam
1057 3627 1199 3728 quaevis
1226 3624 1386 3698 becbecia
1412 3625 1665 3699 extimescenda
1691 3642 1774 3698 sunt
1798 3629 1907 3725 majo·

289 3805 432 3878 remque
457 3777 652 3852 desiderant
677 3777 890 3879 diligentiam
916 3795 952 3852 et
977 3777 1212 3854 lentitudinem
1239 3779 1410 3852 bonorum
1437 3777 1607 3874 omnium,
1636 3779 1727 3851 inter
1751 3805 1839 3880 quos
1857 3781 1909 3852 in·

288 3936 422 4033 signem
449 3931 564 4006 locum
591 3959 654 4005 vos
675 3933 751 4032 jem
779 3931 909 4006 dudum
935 3932 1111 4006 obtinetis.
1166 3933 1330 4007 Seculum
1358 3933 1449 4005 enim
1477 3932 1549 4005 l'ere
1576 3948 1642 4026 est,
1669 3932 1761 4034 qnod
1784 3933 1909 4006 Albec-

288 4089 359 4158 tinn
384 4101 500 4158 vestra
526 4085 720 4160 immortale
748 4087 813 4159 sibi
841 4085 945 4160 decos
972 4087 1136 4162 liantium
1164 4104 1199 4160 ct
1224 4087 1476 4160 adolescentem
1500 4086 1585 4159 aluit
1603 4103 1638 4159 et
1654 4084 1778 4160 deinde
1794 4088 1908 4160 virum

289 4267 476 4342 senemque
503 4241 634 4336 tenuit,
671 4267 776 4341 quum
804 4239 860 4314 ille
888 4241 1009 4314 litteris
1035 4243 1196 4314 omnibns
1222 4243 1354 4344 optima
1379 4240 1616 4343 pbilosopbiae
1644 4267 1740 4314 arms
1766 4240 1909 4345 praebe·

289 4412 355 4488 ret,
386 4394 512 4496 quibus
538 4393 692 4467 divinum
720 4393 936 4496 liberumque
962 4395 1157 4468 animorum
1176 4411 1323 4488 motam,
1351 4395 1385 4466 in
1410 4395 1599 4496 perlectam
1618 4421 1736 4468 rerum
1754 4396 1909 4468 omnium

289 4550 439 4650 speciem
466 4549 650 4642 intentum,
678 4548 721 4621 ab
749 4549 843 4622 omni
870 4549 996 4648 injuria
1023 4551 1152 4650 posteri
1179 4565 1347 4652 perpetuo
1373 4548 1614 4622 defenderent.
1669 4549 1737 4622 llis
1763 4576 1826 4623 vos
1852 4577 1910 4622 vc·

288 4702 400 4801 stigiis
426 4703 528 4774 etiam
556 4729 648 4775 nnnc
674 4704 949 4777 constantissime
975 4703 1132 4777 inceditis
1159 4729 1273 4806 eoque
1300 4703 1433 4796 facitis,
1467 4718 1507 4775 ut
1532 4701 1662 4775 dudum
1688 4717 1821 4804 partam
1848 4703 1910 4774 ΑΙ·

288 4856 441 4928 bertinae
472 4873 607 4930 vestrae
640 4855 788 4956 gloriam
822 4883 891 4930 non
924 4856 1037 4931 solum
1071 4857 1281 4931 conservetis
1314 4855 1376 4929 sed
1408 4860 1512 4928 etiam
1539 4857 1695 4956 augeatis
1722 4881 1911 4956 omnesque

289 5009 441 5084 babeatis
475 5007 529 5082 vel
563 5007 789 5084 admiratores
814 5006 872 5084 vel
898 5012 1049 5106 amicos,
1089 5013 1149 5113 qui
1177 5010 1426 5114 rempublicam
1452 5009 1652 5084 litterariam
1679 5009 1809 5085 salvam
1836 5037 1913 5084 esse
