5308 6650
416 911 715 1022 Acantltssab
745 907 1199 985 vnartstavlsttsts
1226 906 1432 985 RECTOR
1458 911 1525 984 ΕΤ
1551 909 1775 986 SENATUS

1027 1153 1174 1204 ΒΑΗ).

324 1355 735 1454 Acbbffllss
785 1354 1230 1454 statutus!
1280 1354 1871 1454 REGIOHOMAM!
2024 1359 2028 1366 ’

587 1589 851 1674 rennuerunt
876 1589 1091 1674 lllGNlllCll
1117 1590 1174 1671 ET
1201 1589 1379 1674 SENlTUl
1404 1589 1606 1674 lbLUSTltl.

287 2035 379 2154 bloi
414 2079 543 2154 nullam
570 2105 647 2152 esse
676 2078 881 2152 confidimus
908 2077 1117 2152 Germaniae
1144 2075 1389 2168 Academiam,
1431 2101 1519 2175 quoe
1547 2100 1615 2146 oon
1642 2099 1769 2174 magno
1796 2073 1910 2146 studio

289 2233 491 2310 Albertinae
524 2250 660 2306 vestrae
688 2249 723 2306 et
749 2248 921 2305 transacto
947 2232 1013 2303 tria
1040 2231 1165 2330 insigni
1192 2257 1271 2304 cum
1298 2228 1398 2302 laude
1424 2227 1539 2301 secula
1565 2227 1760 2326 gratuletur
1785 2243 1820 2300 et
1845 2253 1909 2328 pro

290 2389 365 2488 pari
391 2390 467 2488 ejus
493 2389 526 2460 in
555 2403 733 2488 posterum
759 2385 994 2458 incolumitate
1021 2399 1056 2456 et
1081 2383 1192 2483 gloria
1218 2399 1297 2456 vota
1323 2383 1502 2484 suscipiat,
1531 2409 1594 2454 nos
1620 2397 1734 2454 tamen
1751 2381 1912 2455 videmur

291 2541 391 2614 nobis
417 2542 520 2614 etiarn
547 2541 766 2642 praecipuam
794 2510 974 2640 quandum*
994 2563 1134 2612 eausam
1162 2538 1310 2632 babere,
1339 2565 1402 2609 cur
1427 2536 1507 2610 buic
1534 2536 1651 2608 officio
1677 2536 1796 2609 deesse
1823 2536 1910 2609 noli·

290 2721 382 2768 mos.
437 2695 529 2768 Nom
570 2710 707 2796 praeter
745 2719 928 2766 commune
967 2689 1052 2764 illud
1092 2691 1284 2764 studiorum
1319 2691 1538 2791 latorumque
1569 2691 1800 2780 consortium,
1841 2715 1910 2790 quo

291 2847 521 2922 Germanicae
547 2846 756 2922 Academiae
789 2873 909 2920 omres
941 2861 1117 2946 umquam
1143 2845 1343 2920 firmissimo
1369 2843 1484 2944 aliquo
1510 2845 1638 2917 amoris
1663 2843 1801 2917 uinculo
1828 2869 1909 2916 con·

291 3003 393 3076 tineri
425 3030 464 3078 se
499 3003 670 3097 latentur,
715 2999 916 3074 Albcrtinae
954 3016 1089 3073 vestrae
1122 3025 1202 3073 cum
1237 3013 1356 3073 nostra
1387 2997 1556 3072 Viodrina
1586 2999 1689 3071 ctiam
1722 2997 1909 3098 singularis

293 3157 462 3257 quaedam
489 3155 706 3230 necessitudo
734 3155 908 3255 sortisque
935 3153 1122 3230 similitudo
1154 3169 1191 3226 et
1215 3152 1298 3228 olim
1322 3153 1388 3226 luit
1413 3169 1447 3224 et
1473 3178 1565 3226 nunc
1590 3111 1662 3225 ests
1709 3151 1790 3226 Non
1816 3154 1909 3226 enim

291 3299 483 3411 ignoratis,
512 3325 664 3384 nostram
693 3309 784 3388 illam
801 3309 959 3408 -gloriam
986 3333 1077 3402 esse,
1106 3306 1197 3408 quod
1226 3305 1419 3406 Georgium
1446 3304 1628 3399 Sabinum,
1656 3303 1807 3408 Pbilippi
1832 3305 1908 3378 Με-

291 3463 511 3538 laocbtbonis
543 3490 733 3563 generum,
768 3463 938 3537 Viadrina
970 3479 1088 3536 nostra
1119 3461 1239 3535 hebuit
1270 3460 1503 3563 professorem
1527 3475 1573 3556 'ct
1597 3473 1734 3561 poetam
1760 3459 1908 3532 clarissi-

290 3643 409 3712 mum,
443 3616 659 3719 eundemque
691 3619 725 3690 in
757 3617 903 3720 publicis
931 3618 1079 3718 negotiis
1106 3642 1242 3689 summa
1267 3641 1346 3688 cnm
1378 3612 1480 3688 laude
1504 3629 1701 3710 versatum3
1725 3614 1800 3715 ⁸qui
1827 3639 1909 3686 cum
1976 3679 1978 3688 ,

290 3771 380 3873 apud
416 3773 584 3874 optimum
617 3773 807 3873 principem
842 3770 1026 3844 Albertum
1059 3771 1260 3844 anctoritate
1293 3785 1329 3842 et
1361 3767 1511 3840 amicitia
1541 3749 1730 3869 plurimum
1761 3766 1905 3862 valeret,

289 3953 353 4000 suo
379 3925 596 4026 potissimum
616 3921 758 4000 coneilio
784 3925 940 4000 effecisse
956 3923 1107 4017 videtur,
1134 3939 1174 3996 ut
1189 3921 1376 3996 Academia
1399 3937 1516 3994 vestra
1532 3920 1758 4018 conderetur3
1785 3919 1907 3993 deinde

288 4097 467 4180 tamquam
504 4079 647 4153 colonus
680 4105 700 4152 a
726 4079 826 4152 nobis
852 4078 1029 4180 proiectus
1056 4079 1132 4180 ipso
1157 4078 1254 4150 initia
1278 4075 1479 4186 Albertioae
1505 4075 1768 4175 diligentissime
1794 4091 1829 4146 ct
1854 4101 1907 4148 sa·

290 4235 503 4336 pientissimo
533 4234 740 4335 perdecem
768 4260 876 4306 nonos
903 4233 990 4306 levit
1015 4249 1050 4306 et
1075 4233 1231 4326 ornavit,
1266 4256 1345 4305 cum
1373 4229 1511 4332 quidem
1538 4255 1601 4330 per
1625 4229 1777 4330 primum
1802 4231 1906 4302 trien·

291 4389 396 4462 oium·
413 4367 528 4460 rector
554 4404 739 4490 perpetuus
767 4404 872 4484 essct,
902 4403 1023 4490 postea
1048 4388 1173 4460 iterum
1199 4386 1406 4486 tertiumque
1433 4399 1548 4456 rector
1573 4381 1717 4476 electus,
1744 4398 1780 4455 et
1805 4383 1907 4456 simul

289 4541 332 4613 de
368 4541 490 4616 studiis
522 4541 713 4643 litterisque
747 4545 875 4644 optime
909 4543 1066 4615 meritus.
1120 4541 1196 4614 Nec
1222 4539 1358 4612 silentio
1384 4536 1654 4640 praetereundus
1681 4536 1907 4638 Christopbo·

289 4721 350 4767 rus
376 4695 492 4767 Preiss
518 4697 739 4790 Pannonius,
776 4697 857 4769 item
885 4694 975 4768 Pbil.
1003 4693 1280 4767 Melanebtbonis
1305 4693 1456 4766 amicitia
1482 4691 1614 4785 clarus,
1643 4692 1701 4792 qui
1727 4689 1819 4793 apud
1844 4718 1907 4764 nos

292 4849 450 4950 poeticen
469 4841 660 4948 'professus
693 4849 873 4947 interjecto
911 4863 1066 4950 tempore
1099 4847 1192 4950 apud
1222 4873 1285 4920 vos
1324 4845 1538 4945 eloquentiae
1572 4859 1606 4916 et
1637 4859 1842 4946 praeceptor
1873 4861 1909 4918 et

291 5000 490 5110 exemplum
525 5000 601 5073 luit.
657 5002 731 5074 Nec
765 5001 950 5075 delneront
981 5001 1238 5104 insequentibus
1270 4999 1484 5102 temporibus
1514 5025 1555 5072 ac
1588 5013 1776 5099 supersunt
1805 5000 1908 5072 etiam
