5308 6650
739 2069 840 2143 hodie
867 2069 932 2142 viri
960 2085 1194 2172 praestantes,
1232 2070 1290 2171 qui
1317 2083 1500 2170 utramque
1525 2067 1749 2142 Academiam
1775 2068 1987 2140 ornaverint.
2042 2069 2161 2167 Majus
2185 2085 2299 2142 taurea
2325 2085 2362 2140 et

738 2225 882 2323 gravius
908 2223 993 2297 illud
1020 2240 1086 2318 est,
1115 2221 1208 2325 quod
1235 2224 1397 2296 interris
1424 2223 1622 2296 Borussicis
1648 2238 1683 2294 et
1708 2220 2043 2322 Brautlenlaurgicia,
2072 2249 2159 2324 quae
2181 2225 2257 2322 jam
2287 2239 2359 2296 tum

740 2377 859 2450 Sabini
885 2378 1035 2450 maxime
1062 2403 1168 2480 opera
1195 2377 1448 2470 coalescebant‚
1476 2376 1685 2450 Academiae
1710 2393 1827 2449 vestra
1844 2401 1885 2448 ac
1904 2393 2021 2449 nostra
2039 2378 2244 2480 praecipuae
2261 2376 2360 2450 sedes

740 2555 859 2602 eorum
887 2529 1079 2604 studiorum
1108 2530 1269 2624 luerunt,
1313 2529 1438 2632 quibus
1465 2555 1535 2602 non
1561 2529 1674 2604 solum
1701 2530 1818 2602 verior
1842 2529 2037 2605 divinarum
2064 2558 2180 2604 rerum
2207 2532 2360 2631 cognitio

740 2685 943 2758 confirmata
968 2699 1004 2757 et
1029 2701 1220 2787 propagata
1245 2699 1311 2778 est,
1341 2683 1402 2757 sed
1429 2683 1582 2785 reliquae
1608 2710 1746 2785 quoque
1769 2683 1939 2758 humanae
1965 2684 2211 2785 intelligentiae
2229 2701 2358 2786 partes,

743 2840 899 2912 restituta
925 2840 1065 2940 antiqua
1092 2839 1310 2938 ingeniorum
1337 2837 1509 2932 libertate,
1538 2837 1636 2938 quasi
1661 2837 1705 2910 ad
1732 2863 1857 2911 novam
1883 2839 1989 2911 vitam
2016 2841 2181 2912 excitatae
2208 2840 2361 2938 ingentia

742 3007 911 3094 ceperunt
937 2993 1162 3064 incrementa.
1212 2992 1261 3064 Et
1287 3007 1402 3064 vestra
1428 2989 1566 3092 quidem
1585 2991 1777 3064 Academia
1802 3019 1882 3066 cum
1909 3007 2002 3065 esset
2027 2994 2061 3066 io
2089 2994 2160 3065 oris
2187 2992 2255 3066 illis
2281 3018 2361 3064 cou-

745 3147 879 3238 saiano,
908 3147 943 3217 in
971 3145 1096 3246 quibus
1124 3143 1275 3220 Sabinus
1301 3143 1527 3247 profitebatur
1552 3145 1598 3218 ola
1617 3143 1798 3246 Scythicae
1824 3147 1939 3246 gentis
1964 3147 2173 3219 vicinitatem
2198 3147 2256 3218 vix
2280 3149 2361 3220 civi·

740 3299 808 3371 lem
841 3299 980 3372 vivendi
1014 3301 1181 3372 cntionem
1214 3298 1350 3400 legibus
1382 3298 1564 3401 disciplina
1597 3315 1632 3372 et
1662 3301 1817 3401 imperiis
1851 3301 1990 3373 retineri
2016 3327 2139 3401 posse,
2182 3299 2270 3372 laanc
2296 3300 2361 3373 sibi

740 3453 887 3551 gloriam
915 3453 1142 3526 immortalem
1169 3455 1316 3557 pepecit,
1345 3452 1436 3554 quod
1455 3455 1623 3555 promotis
1642 3455 1739 3554 quasi
1757 3452 1881 3526 eruditi
1899 3453 1995 3526 orbis
2018 3454 2144 3528 finibus
2168 3455 2295 3548 effecit,
2323 3472 2362 3526 ut

742 3605 885 3707 expulsa
911 3607 1055 3709 pristina
1087 3607 1222 3680 feritate
1250 3607 1419 3680 Borussia
1444 3623 1561 3680 vestra
1586 3633 1644 3679 eas
1672 3607 1776 3680 etiam
1802 3623 1934 3702 terras,
1971 3633 2060 3708 quae
2081 3611 2157 3708 jam
2183 3623 2283 3681 autea
2309 3610 2361 3680 in·

741 3761 832 3858 signi
862 3760 1085 3834 humanitatis
1118 3759 1217 3833 laude
1252 3759 1474 3856 floruissent,
1516 3760 1635 3834 eadem
1670 3759 1770 3834 laude
1802 3761 1856 3834 vel
1890 3777 2057 3861 aequaret
2086 3761 2141 3834 vel
2167 3779 2358 3864 superaret.

740 3914 851 3986 Nobis
883 3937 981 3986 vcro
1003 3929 1184 4015 postquam
1219 3915 1449 3988 Francol'urto
1482 3913 1729 3988 Vratislaviaan
1757 3914 1904 3988 traducti
1931 3939 2073 4010 sumus,
2111 3915 2232 3988 similis
2259 3917 2362 3989 statio

741 4066 886 4166 obtigit3
930 4067 1067 4169 utrique
1100 4068 1191 4141 enim
1224 4067 1425 4169 Scythicae,
1467 4095 1571 4169 quam
1603 4067 1753 4142 Sabinus
1779 4067 1927 4162 dicebat,
1961 4069 2055 4168 genti
2082 4071 2185 4142 vicini
2217 4075 2251 4142 in
2279 4071 2362 4172 ipsis

742 4219 948 4294 Germaniae
976 4220 1104 4294 linibus
1131 4219 1296 4321 quasdam
1323 4223 1422 4323 quasi
1448 4222 1631 4296 litterariae
1659 4222 1821 4297 excubias
1847 4225 1984 4324 agimus
2011 4241 2046 4296 et
2070 4239 2186 4297 vestro
2205 4225 2363 4328 exemplo

741 4376 887 4450 iacimus
914 4374 1006 4477 quod
1033 4401 1096 4448 vas
1123 4391 1158 4447 et
1178 4378 1254 4475 jam
1281 4376 1412 4450 dadum
1439 4377 1569 4451 lecistis
1595 4393 1630 4450 et
1655 4403 1748 4451 nnnc
1774 4404 1912 4480 quoque
1938 4379 2215 4451 constantissime
2242 4379 2360 4479 agitis,

741 4545 799 4624 ut,
837 4557 940 4630 quam
975 4556 994 4602 e
1028 4529 1221 4630 propinquo
1253 4531 1435 4603 intuemini
1466 4531 1644 4605 homiuum
1676 4533 1783 4604 vitam
1817 4533 1906 4604 tristi
1934 4547 2074 4634 torpore
2100 4559 2302 4634 oppressam
2329 4550 2363 4605 et

741 4699 952 4785 praetextam
979 4683 1092 4784 potius
1117 4684 1211 4754 inani
1236 4681 1384 4783 quadam
1411 4683 1632 4759 humanitatis
1659 4687 1775 4789 specie
1802 4711 1904 4786 quam
1932 4688 2085 4786 ingenuo
2111 4685 2261 4759 liberalis
2284 4713 2362 4759 eru·

742 4837 881 4911 ditionis
908 4863 1026 4912 amore
1052 4835 1278 4938 aequabiliter
1303 4837 1502 4940 perfusam,
1538 4868 1613 4914 eam
1641 4843 1803 4942 quoniam
1831 4840 2016 4914 emendare
2043 4867 2111 4913 nou
2138 4841 2231 4935 licet,
2268 4857 2361 4914 certe

741 5019 762 5065 ι
788 4993 913 5067 linihus
940 4994 1066 5067 nostris
1091 4994 1249 5066 arceatis.
1305 4994 1337 5067 E
1364 5021 1433 5096 quo
1452 5021 1594 5069 munere
1612 4993 1678 5068 laoc
1700 4993 1800 5068 vobis
1817 4995 2037 5070 commodum
2055 4993 2238 5091 mouerunt,
2267 4995 2361 5096 quod
