5308 6650
1504 440 1559 528 18

728 735 804 804 dum
833 735 977 819 ridetur,
1009 733 1098 825 quod
1124 733 1209 802 bueo
1234 755 1443 802 numerorum
1470 733 1605 800 realium
1633 732 1751 817 virtus,
1776 743 1814 816 ut
1837 731 1870 798 iu
1897 729 2040 800 factores
2065 731 2188 822 primos
2215 729 2348 814 dissolvi

727 873 870 962 possint,
909 874 966 962 qui
998 893 1059 962 pro
1092 870 1211 938 eodem
1244 891 1380 946 numero
1414 890 1545 959 semper
1576 868 1676 936 iidem
1708 869 1788 952 siut,
1828 891 1892 936 non
1919 867 2036 936 eadem
2062 879 2113 935 est
2138 889 2347 936 numerorum

729 1007 990 1098 complexorum,
1023 1031 1107 1097 quae
1133 1008 1159 1074 si
1186 1017 1274 1074 esset
1298 1016 1368 1073 tota
1393 1005 1477 1071 haec
1503 1003 1671 1090 doctriua,
1705 1028 1790 1095 quae
1816 1005 1944 1094 magnis
1970 1003 2078 1075 adbuc
2104 1001 2348 1074 difficultatibus

729 1145 867 1227 laborat,
892 1141 988 1210 facile
1014 1142 1137 1210 absolvi
1165 1142 1267 1210 etad
1293 1141 1390 1208 linem
1416 1138 1554 1230 perduci
1579 1151 1702 1231 posset.
1752 1141 1836 1208 Eam
1867 1141 1971 1230 ipsam
1996 1141 2039 1206 ob
2066 1162 2198 1209 caustum
2222 1140 2349 1207 numeri

731 1281 902 1369 complexi,
929 1301 1011 1369 quos
1035 1278 1089 1348 hio
1114 1289 1303 1360 tractemus,
1328 1275 1511 1367 imperfecti
1538 1299 1611 1344 esse
1636 1275 1796 1360 ridentur,
1822 1287 1857 1344 et
1879 1275 2012 1343 dubium
2037 1275 2114 1343 inde
2131 1277 2210 1342 oriri
2227 1285 2350 1365 posset,

731 1429 838 1488 utrtnu
864 1416 896 1482 hi
923 1416 1049 1485 numeri
1076 1414 1237 1504 complexi
1268 1415 1386 1482 ceteris
1412 1414 1468 1502 qui
1493 1413 1574 1504 tingi
1600 1413 1726 1502 possint
1750 1409 1977 1502 praeferendi,
2017 1435 2059 1480 en
2091 1411 2145 1480 ulii
2171 1411 2350 1502 qtroereadl

732 1564 857 1636 essent,
897 1553 952 1642 qui
985 1553 1018 1618 in
1050 1551 1112 1617 hac
1141 1573 1180 1618 re
1205 1548 1437 1618 fundumentuli
1469 1548 1655 1643 analogiam
1687 1571 1760 1616 cum
1787 1549 1928 1616 numeris
1953 1549 2091 1638 integris
2115 1541 2255 1615 realibus
2281 1571 2349 1616 ser·

733 1700 855 1757 vareut
907 1693 1059 1756 Attamen
1084 1687 1118 1753 bi
1143 1687 1268 1754 numeri
1295 1685 1457 1776 complexi
1482 1685 1537 1774 qui
1563 1661 1694 1752 unitatis
1719 1683 1883 1752 radicibus
1907 1695 1941 1752 ct
1963 1685 2105 1752 numeris
2123 1683 2260 1776 integris
2276 1705 2350 1751 rea-

732 1826 815 1892 libus
841 1833 1090 1912 componuntur,
1116 1845 1181 1888 non
1208 1845 1249 1889 ex
1275 1822 1409 1890 arbitrio
1435 1819 1514 1888 lacti
1540 1832 1624 1904 sunt,
1650 1820 1711 1888 sed
1728 1844 1768 1888 cx
1786 1821 1856 1914 ipse
1880 1819 2030 1888 doctriua
2046 1842 2256 1888 numerorum
2273 1842 2351 1918 pru·

734 1963 847 2043 creati,
872 1972 971 2050 atque
996 1960 1142 2049 ipsorum
1168 1981 1209 2025 ea
1233 1959 1318 2025 ratio
1344 1969 1404 2042 est,
1430 1971 1466 2025 ut
1487 1957 1520 2024 iu
1537 1955 1687 2024 doctrina
1704 1957 1857 2026 sectionis
1873 1957 1987 2024 circuli
2005 1967 2039 2024 et
2055 1955 2261 2024 residuorum
2277 1967 2351 2050 pot-

735 2108 871 2165 estatum
899 2097 1050 2164 altiorum
1077 2095 1211 2162 ulterius
1236 2092 1460 2183 promovenda
1485 2093 1524 2159 iis
1552 2115 1667 2160 carere
1694 2093 1782 2161 nullo
1808 2092 1908 2160 modo
1935 2093 2105 2184 possimus.

838 2571 946 2646 Quum
972 2592 1183 2637 numerorum
1203 2543 1387 2660 ¹primorum
1413 2565 1539 2635 lormoe
1564 2570 1708 2638 orie-1
1739 2567 1792 2636 alii
1818 2569 1849 2636 in
1875 2571 1980 2637 t-l
2001 2565 2145 2636 factores
2163 2569 2353 2660 complexos

736 2707 878 2798 discerpi
903 2707 1039 2796 possint,
1073 2705 1127 2772 alii
1153 2705 1384 2795 nonpossint,
1426 2729 1445 2772 e
1471 2727 1509 2772 re
1535 2715 1586 2772 est
1612 2716 1647 2772 ut
1672 2705 1853 2774 inveniatur
1878 2707 1933 2796 qui
1961 2716 1994 2773 et
2020 2705 2132 2799 quales
2158 2706 2221 2774 siut
2246 2707 2269 2773 ii
2294 2729 2353 2774 uu·

734 2845 817 2911 meri
842 2846 862 2910 i.
888 2853 981 2930 etp,
1005 2865 1066 2932 pro
1093 2842 1210 2932 quibus
1234 2841 1307 2909 talis
1332 2841 1590 2932 repraesentatio
1616 2839 1725 2908 locum
1750 2841 1860 2926 habet,
1886 2852 1985 2934 atque
2011 2853 2046 2909 ut
2071 2865 2132 2934 pro
2159 2843 2198 2909 iis
2222 2843 2277 2932 qui
2295 2843 2354 2909 mi·

735 3002 849 3046 norem
881 2989 1006 3046 tuntum
1038 2999 1209 3046 numerum
1240 2975 1402 3045 factorum
1432 2978 1611 3067 primorum
1627 2976 1774 3062 babent,
1813 2977 1930 3046 borum
1955 2975 2116 3046 iacturum
2143 3000 2296 3046 numerus
2322 2991 2356 3046 et

735 3113 841 3182 [orma
867 3115 1001 3205 propria
1027 3113 1221 3204 indagetur,
1261 3113 1350 3203 quod
1377 3135 1456 3180 vero
1482 3113 1651 3206 problema
1677 3113 1884 3182 ulterioribus
1912 3116 2054 3184 virorum
2080 3113 2254 3183 doctorum
2280 3137 2355 3206 per·

736 3251 987 3319 scrutationibus
1014 3247 1261 3340 relinquendum
1288 3260 1348 3317 est.
1400 3251 1477 3340 Ipse
1505 3260 1540 3318 ut
1564 3249 1649 3316 lranc
1675 3272 1744 3317 rem
1774 3251 1958 3318 accuratius
1985 3273 2235 3342 cognoscerem,
2261 3263 2296 3320 et
2321 3261 2358 3319 ut

736 3387 892 3478 exemplis
918 3386 1070 3470 docerer,
1097 3387 1239 3454 omnium
1265 3408 1475 3455 numerorum
1500 3386 1680 3476 primorum
1706 3383 1790 3454 inira
1816 3387 1913 3471 mille,
1939 3387 1994 3477 qui
2020 3385 2143 3454 formes
2168 3387 2290 3455 hubent

831 3523 2259 3608 5m÷1‚7m÷1‚11m÷1,13m÷1,17m÷1,19m÷1ettam-el

736 3659 879 3728 factores
903 3659 1027 3750 primos
1054 3660 1255 3748 computavi,
1289 3671 1323 3724 et
1347 3657 1521 3726 methodos
1547 3659 1663 3746 quibus
1690 3681 1767 3726 usus
1793 3681 1863 3726 sum
1891 3669 1926 3726 et
1951 3660 2040 3749 ipsos
2066 3656 2209 3727 lectores
2235 3659 2358 3749 primos

737 3806 941 3884 computatos
967 3793 1130 3861 hocloco
1157 3795 1188 3860 in
1215 3793 1378 3884 publicum
1407 3793 1513 3860 edam.

841 3931 951 3998 Altera
978 3927 1150 3996 methodus
1175 3927 1302 3997 factore
1329 3931 1491 3997 communi
1518 3929 1656 3997 duorum
1674 3952 1883 3997 numerorum
1901 3929 2146 4020 complexorum
2163 3929 2358 4000 inveniendo

737 4068 858 4150 nititur,
890 4065 980 4156 quod
1008 4065 1178 4156 problema
1204 4067 1298 4134 simili
1324 4065 1423 4132 modo
1449 4065 1640 4134 solvendum
1666 4077 1717 4134 est
1742 4077 1841 4158 atque
1865 4089 1928 4158 pro
1955 4067 2097 4133 numeris
2122 4067 2259 4158 integris
2285 4088 2358 4133 rea·

737 4203 830 4268 libus.
889 4203 925 4267 Si
951 4208 1037 4288 φ(α)
1070 4215 1104 4268 et
1127 4199 1213 4286 s(a)
1247 4213 1321 4268 suot
1352 4202 1478 4268 numeri
1512 4201 1674 4292 complexi
1699 4214 1845 4292 quorum¹
1863 4199 1970 4271 lactor
1996 4203 2174 4270 communis
2200 4203 2357 4270 maximus

688 4397 692 4406 ·
738 4369 982 4461 investigandus
1015 4381 1075 4456 est,
1106 4381 1140 4440 et
1164 4372 1204 4440 N
1206 4369 1418 4459 pta)>Ns
1419 4377 1483 4457 (a),
1510 4395 1530 4438 a
1555 4395 1692 4440 numero
1717 4369 1823 4442 fracto
1853 4311 1957 4424 Q
1978 4395 2149 4443 numerum
2166 4383 2292 4442 certum
2309 4373 2357 4440 in-

1858 4440 1943 4526 so)

737 4556 868 4632 tegrum
894 4539 1050 4608 subtraho
1077 4546 1182 4633 ψ(α),
1216 4563 1313 4632 quem
1340 4539 1500 4630 siquidem
1525 4542 1598 4609 lieri
1623 4553 1733 4632 potest
1756 4543 1802 4610 ita
1827 4543 1950 4635 eligo,·
1968 4553 2005 4612 ut
2030 4565 2145 4611 norma
2170 4541 2292 4612 residui
2317 4543 2359 4609 sit

1258 4807 1783 5040 N({ss{}}-r1(oe))<1.

737 4677 844 4743 minor
869 4677 1003 4761 unitate,
1029 4677 1098 4744 sive
